@MastersThesis{程阳2015气体静压节流器微流场焦耳,
  author  = {程阳},
  school  = {中国计量学院},
  title   = {气体静压节流器微流场焦耳—汤姆逊效应的研究},
  year    = {2015},
  address = {杭州},
}

@Comment{jabref-meta: databaseType:bibtex;}
